<?xml version="1.0" encoding="UTF-8"?><collection xmlns="http://www.loc.gov/MARC21/slim"><record><leader>00566nam--2200181-u-4500</leader><controlfield tag="001">000055509</controlfield><controlfield tag="002">20161230</controlfield><controlfield tag="005">20161230201052</controlfield><controlfield tag="008">130218s1000------------r-----000-0-eng-d</controlfield><datafield ind1=" " ind2=" " tag="040"><subfield code="a">IFIN-HH</subfield></datafield><datafield ind1=" " ind2=" " tag="080"><subfield code="a">624:413.23=2=S</subfield></datafield><datafield ind1="1" ind2=" " tag="100"><subfield code="a">Desov, A.E</subfield></datafield><datafield ind1="1" ind2="0" tag="245"><subfield code="a">English-russian dictionary on civil engineering</subfield><subfield code="b">Anglo-russkii stroitelnii slovari</subfield><subfield code="c">A.e. desov (ed.)</subfield></datafield><datafield ind1=" " ind2=" " tag="250"><subfield code="a">Second Revised Edition</subfield></datafield><datafield ind1=" " ind2=" " tag="260"><subfield code="a">Moscow</subfield><subfield code="b">State Publishing Office For Tehnical And Theoretical Literature</subfield><subfield code="c">1951</subfield></datafield><datafield ind1=" " ind2=" " tag="300"><subfield code="a">557P</subfield></datafield><datafield ind1=" " ind2=" " tag="852"><subfield code="a">D.78</subfield><subfield code="c">SLT</subfield></datafield><datafield ind1=" " ind2=" " tag="CAT"><subfield code="a">Sys</subfield><subfield code="c">20130218</subfield><subfield code="h">115259</subfield></datafield></record></collection>